Quarter,Revenue,Expenses,New Customers,Customer Churn,Avg Deal Size,Sales Calls,Conversion Rate
Q1 2023,245000,198000,45,12,5444,320,14.1
Q2 2023,312000,225000,62,8,5032,385,16.1
Q3 2023,298000,215000,51,15,5843,342,14.9
Q4 2023,385000,265000,78,10,4936,425,18.4
Q1 2024,342000,238000,65,11,5262,398,16.3
Q2 2024,425000,285000,89,7,4775,465,19.1
Q3 2024,398000,268000,72,14,5528,412,17.5
Q4 2024,512000,325000,95,9,5389,520,18.3
